@online{kagglehomecreditcompetitionoverview,
    author = "Kaggle",
    title = "Home Credit Default Risk Competition Overview",
    url  = "https://www.kaggle.com/c/home-credit-default-risk/",
    addendum = "(accessed: 06.01.2018)",
    keywords = "credit,default,risk,kaggle,competition"
}

@online{kagglehomecreditcompetitiondata,
    author = "Kaggle",
    title = "Home Credit Default Risk Competition Data",
    url  = "https://www.kaggle.com/c/home-credit-default-risk/data",
    addendum = "(accessed: 06.01.2018)",
    keywords = "credit,default,risk,kaggle,competition,data"
}

@online{kagglehomecreditcompetitionpublicleaderboard,
    author = "Kaggle",
    title = "Home Credit Default Risk Competition Public Leaderboard",
    url  = "https://www.kaggle.com/c/home-credit-default-risk/leaderboard",
    addendum = "(accessed: 06.02.2018)",
    keywords = "credit,default,risk,kaggle,competition,public,leaderboard"
}

@online{homecreditwebsite,
    author = "Home Credit Group",
    title = "Home Credit Group Website",
    url  = "http://www.homecredit.net/",
    addendum = "(accessed: 06.01.2018)",
    keywords = "home,credit,group"
}

@online{mlwikirocanalysis,
    author = "ML Wiki",
    title = "ML Wiki ROC Analysis",
    url  = "http://mlwiki.org/index.php/ROC_Analysis",
    addendum = "(accessed: 06.04.2018)",
    keywords = "ml, wiki, roc, analysis"
}

@online{wikipediaroc,
    author = "Wikipedia",
    title = "Receiver operating characteristic",
    url  = "https://en.wikipedia.org/wiki/Receiver_operating_characteristic",
    addendum = "(accessed: 06.07.2018)",
    keywords = "wikipedia, roc, receiver, operating, characteristic"
}

@online{githubprojectrepo,
    author = "James Dellinger",
    title = "Machine Learning Nanodegree Capstone Project Repository",
    url  = "https://github.com/jamesdellinger/machine_learning_nanodegree_capstone_project",
    addendum = "(accessed: 06.07.2018)",
    keywords = "github, project, repository"
}

@Article{2017arXiv170704831Y,
   author = {Xiaojiao Yu},
    title = "{Machine learning application in online lending risk prediction}",
  journal = {ArXiv e-prints},
archivePrefix = "arXiv",
   eprint = {1707.04831},
 primaryClass = "q-fin.RM",
 keywords = {Quantitative Finance - Risk Management},
     year = 2017,
    month = jul,
   adsurl = {http://adsabs.harvard.edu/abs/2017arXiv170704831Y},
  adsnote = {Provided by the SAO/NASA Astrophysics Data System}
}

@online{lightgbmdocs,
    author = "Microsoft",
    title = "LightGBM Features",
    url  = "https://lightgbm.readthedocs.io/en/latest/Features.html#leaf-wise-best-first-tree-growth",
    addendum = "(accessed: 06.26.2018)",
    keywords = "LightGBM, Microsoft"
}

@online{lightgbmparams,
    author = "Microsoft",
    title = "LightGBM Parameters",
    url  = "https://lightgbm.readthedocs.io/en/latest/Parameters.html",
    addendum = "(accessed: 06.27.2018)",
    keywords = "LightGBM, Parameters, Microsoft"
}

@online{lightgbmparamtuning,
    author = "Microsoft",
    title = "LightGBM Parameters Tuning",
    url  = "https://lightgbm.readthedocs.io/en/latest/Parameters-Tuning.html",
    addendum = "(accessed: 06.27.2018)",
    keywords = "LightGBM, Parameters, Microsoft"
}

@online{vidhyalightgbm,
    author = "Analytics Vidhya",
    title = "Which algorithm takes the crown: Light GBM vs XGBOOST?",
    url  = "https://www.analyticsvidhya.com/blog/2017/06/which-algorithm-takes-the-crown-light-gbm-vs-xgboost/",
    addendum = "(accessed: 06.26.2018)",
    keywords = "LightGBM, XGBOOST, Analytics, Vidhya"
}

@online{statsandbots,
    author = "Vadim Smolyakov",
    title = "Ensemble Learning to Improve Machine Learning Results",
    url  = "https://blog.statsbot.co/ensemble-learning-d1dcd548e936",
    addendum = "(accessed: 06.27.2018)",
    keywords = "Stats, Bots, Stacking, Ensemble, Learning"
}
